@article{PhysRevD.104.056026,
  title = {Uncertainty-aware machine learning for high energy physics},
  author = {Ghosh, Aishik and Nachman, Benjamin and Whiteson, Daniel},
  journal = {Phys. Rev. D},
  volume = {104},
  pages = {056026},
  numpages = {15},
  year = {2021},
  month = {Sep},
  publisher = {American Physical Society},
  doi = {10.1103/PhysRevD.104.056026}
}
@misc{albertsson2019machine,
      title={Machine Learning in High Energy Physics Community White Paper}, 
      author={Kim Albertsson and Piero Altoe and Dustin Anderson and John Anderson and Michael Andrews and Juan Pedro Araque Espinosa and Adam Aurisano and Laurent Basara and Adrian Bevan and Wahid Bhimji and Daniele Bonacorsi and Bjorn Burkle and Paolo Calafiura and Mario Campanelli and Louis Capps and Federico Carminati and Stefano Carrazza and Yi-fan Chen and Taylor Childers and Yann Coadou and Elias Coniavitis and Kyle Cranmer and Claire David and Douglas Davis and Andrea De Simone and Javier Duarte and Martin Erdmann and Jonas Eschle and Amir Farbin and Matthew Feickert and Nuno Filipe Castro and Conor Fitzpatrick and Michele Floris and Alessandra Forti and Jordi Garra-Tico and Jochen Gemmler and Maria Girone and Paul Glaysher and Sergei Gleyzer and Vladimir Gligorov and Tobias Golling and Jonas Graw and Lindsey Gray and Dick Greenwood and Thomas Hacker and John Harvey and Benedikt Hegner and Lukas Heinrich and Ulrich Heintz and Ben Hooberman and Johannes Junggeburth and Michael Kagan and Meghan Kane and Konstantin Kanishchev and Przemysław Karpiński and Zahari Kassabov and Gaurav Kaul and Dorian Kcira and Thomas Keck and Alexei Klimentov and Jim Kowalkowski and Luke Kreczko and Alexander Kurepin and Rob Kutschke and Valentin Kuznetsov and Nicolas Köhler and Igor Lakomov and Kevin Lannon and Mario Lassnig and Antonio Limosani and Gilles Louppe and Aashrita Mangu and Pere Mato and Narain Meenakshi and Helge Meinhard and Dario Menasce and Lorenzo Moneta and Seth Moortgat and Mark Neubauer and Harvey Newman and Sydney Otten and Hans Pabst and Michela Paganini and Manfred Paulini and Gabriel Perdue and Uzziel Perez and Attilio Picazio and Jim Pivarski and Harrison Prosper and Fernanda Psihas and Alexander Radovic and Ryan Reece and Aurelius Rinkevicius and Eduardo Rodrigues and Jamal Rorie and David Rousseau and Aaron Sauers and Steven Schramm and Ariel Schwartzman and Horst Severini and Paul Seyfert and Filip Siroky and Konstantin Skazytkin and Mike Sokoloff and Graeme Stewart and Bob Stienen and Ian Stockdale and Giles Strong and Wei Sun and Savannah Thais and Karen Tomko and Eli Upfal and Emanuele Usai and Andrey Ustyuzhanin and Martin Vala and Justin Vasel and Sofia Vallecorsa and Mauro Verzetti and Xavier Vilasís-Cardona and Jean-Roch Vlimant and Ilija Vukotic and Sean-Jiun Wang and Gordon Watts and Michael Williams and Wenjing Wu and Stefan Wunsch and Kun Yang and Omar Zapata},
      year={2019},
      eprint={1807.02876},
      archivePrefix={arXiv},
      primaryClass={physics.comp-ph}
}

@misc{chen2019neural,
      title={Neural Ordinary Differential Equations}, 
      author={Ricky T. Q. Chen and Yulia Rubanova and Jesse Bettencourt and David Duvenaud},
      year={2019},
      eprint={1806.07366},
      archivePrefix={arXiv},
      primaryClass={cs.LG}
}

@misc{ADAM,
      title={Adam: A Method for Stochastic Optimization}, 
      author={Diederik P. Kingma and Jimmy Ba},
      year={2017},
      eprint={1412.6980},
      archivePrefix={arXiv},
      primaryClass={cs.LG}
}

@article{Bacchio_2023,
	doi = {10.1103/physrevd.107.l051504},
 
  
	year = 2023,
	month = {mar},
  
	publisher = {American Physical Society ({APS})},
  
	volume = {107},
  
	number = {5},
  
	author = {Simone Bacchio and Pan Kessel and Stefan Schaefer and Lorenz Vaitl},
  
	title = {Learning trivializing gradient flows for lattice gauge theories},
  
	journal = {Physical Review D}
}
